<?xml version="1.0" encoding="UTF-8"?>
<record xmlns="http://www.loc.gov/MARC21/slim">
  <leader>02572nam a2200385Ia 4500</leader>
  <controlfield tag="001">3637946</controlfield>
  <controlfield tag="005">20110217140200.0</controlfield>
  <controlfield tag="008">870306s1862    mau           000 0 eng d</controlfield>
  <datafield tag="035" ind1=" " ind2=" ">
    <subfield code="a">(OCoLC)15277099</subfield>
  </datafield>
  <datafield tag="035" ind1=" " ind2=" ">
    <subfield code="a">ocm15277099</subfield>
  </datafield>
  <datafield tag="040" ind1=" " ind2=" ">
    <subfield code="a">BOS</subfield>
    <subfield code="c">BOS</subfield>
    <subfield code="d">OCL</subfield>
    <subfield code="d">OCLCQ</subfield>
    <subfield code="d">OCLCG</subfield>
  </datafield>
  <datafield tag="043" ind1=" " ind2=" ">
    <subfield code="a">n-us---</subfield>
  </datafield>
  <datafield tag="049" ind1=" " ind2=" ">
    <subfield code="a">BRLL</subfield>
  </datafield>
  <datafield tag="050" ind1=" " ind2="4">
    <subfield code="a">E453</subfield>
    <subfield code="b">.A2 1862</subfield>
  </datafield>
  <datafield tag="099" ind1=" " ind2=" ">
    <subfield code="a">5574.57 no.10</subfield>
  </datafield>
  <datafield tag="245" ind1="0" ind2="4">
    <subfield code="a">The abolition of slavery :</subfield>
    <subfield code="b">the right of the government under the war power.</subfield>
  </datafield>
  <datafield tag="246" ind1="1" ind2="0">
    <subfield code="a">Pamphlets.Slavery.Legal aspect;</subfield>
    <subfield code="i">no.10</subfield>
  </datafield>
  <datafield tag="246" ind1="3" ind2=" ">
    <subfield code="a">Emancipation under the war power</subfield>
  </datafield>
  <datafield tag="260" ind1=" " ind2=" ">
    <subfield code="a">Boston :</subfield>
    <subfield code="b">R.F. Wallcut,</subfield>
    <subfield code="c">1862.</subfield>
  </datafield>
  <datafield tag="300" ind1=" " ind2=" ">
    <subfield code="a">24 p. ;</subfield>
    <subfield code="c">20 cm.</subfield>
  </datafield>
  <datafield tag="500" ind1=" " ind2=" ">
    <subfield code="a">Cover title.</subfield>
  </datafield>
  <datafield tag="500" ind1=" " ind2=" ">
    <subfield code="a">Caption title: Emancipation under the war power.</subfield>
  </datafield>
  <datafield tag="500" ind1=" " ind2=" ">
    <subfield code="a">Edited by William Lloyd Garrison.</subfield>
  </datafield>
  <datafield tag="500" ind1=" " ind2=" ">
    <subfield code="a">Includes extracts from the speeches and correspondence of John Quincy Adams, J.R. Giddings, O.A. Brownson et al.</subfield>
  </datafield>
  <datafield tag="590" ind1=" " ind2=" ">
    <subfield code="a">Boston Public Library (Rare Books Department) copy ex libris (inscription): J.Q. Adams, Wm. P.J. Bartlett.</subfield>
  </datafield>
  <datafield tag="590" ind1=" " ind2=" ">
    <subfield code="a">Bound volume contains: 1. State of New York, in Supreme Court, Seth W. Benedict, ads. Daniel D. Nash / by Seth Williston Benedict. -- 2. Constitutional argument against american slavery / by Gerrit Smith. -- 3. Views of American Constitutional Law in its bearing upon american slavery / by William Goodell. -- 4. The Fugitive Slave Bill: its history and unconstitutionality... . -- 5. The Fugitive Slave Law and its victims. -- 6. A sketch of the laws relating to slavery... / by George M. Strout. -- 7. The duty of disobedience to the Fugitive Slave Act... / by L. Maria Child. -- 8. Speech of John Hossack convicted of a violation of the Fugitive Slave Law... . -- 9. Rights and duties of the United States relative to slavery under the laws of the war... / by David Lee Child. -- 10. The abolition of slavery: the right of the government under the war power. -- 11. The Law of Slavery in the United States / by Christian Charles Josias Bunsen. -- 12. The Commander-in-Chief... / by Grosvenor P. Lowrey. -- 13. Illegality of slavery / by Benjamin Shaw.</subfield>
  </datafield>
  <datafield tag="650" ind1=" " ind2="0">
    <subfield code="a">Slavery</subfield>
    <subfield code="z">United States.</subfield>
  </datafield>
  <datafield tag="650" ind1=" " ind2="0">
    <subfield code="a">Abolitionists</subfield>
    <subfield code="z">United States.</subfield>
  </datafield>
  <datafield tag="651" ind1=" " ind2="0">
    <subfield code="a">United States</subfield>
    <subfield code="x">Politics and government</subfield>
    <subfield code="y">1861-1865.</subfield>
  </datafield>
  <datafield tag="700" ind1="1" ind2=" ">
    <subfield code="a">Garrison, William Lloyd,</subfield>
    <subfield code="d">1805-1879.</subfield>
  </datafield>
  <datafield tag="700" ind1="1" ind2=" ">
    <subfield code="a">Adams, John Quincy,</subfield>
    <subfield code="d">1767-1848,</subfield>
    <subfield code="e">author, former owner.</subfield>
  </datafield>
  <datafield tag="700" ind1="1" ind2=" ">
    <subfield code="a">Giddings, Joshua R.</subfield>
    <subfield code="q">(Joshua Reed),</subfield>
    <subfield code="d">1795-1864,</subfield>
    <subfield code="e">author.</subfield>
  </datafield>
  <datafield tag="700" ind1="1" ind2=" ">
    <subfield code="a">Brownson, Orestes Augustus,</subfield>
    <subfield code="d">1803-1876,</subfield>
    <subfield code="e">author.</subfield>
  </datafield>
  <datafield tag="700" ind1="1" ind2=" ">
    <subfield code="a">Bartlett, Wm. P. J.,</subfield>
    <subfield code="e">former owner.</subfield>
  </datafield>
  <datafield tag="994" ind1=" " ind2=" ">
    <subfield code="a">C0</subfield>
    <subfield code="b">BRL</subfield>
  </datafield>
</record>
